<record><leader>00000cas a2200000 i 4500</leader><controlfield tag="001">908847023</controlfield><controlfield tag="006">m     o  d        </controlfield><controlfield tag="007">cr |||||||||||</controlfield><controlfield tag="008">150513d18831928nduwr neo     0   a0eng  </controlfield><datafield ind1=" " ind2=" " tag="010"><subfield code="a">  2015218761</subfield></datafield><datafield ind1=" " ind2=" " tag="040"><subfield code="a">DLC</subfield><subfield code="b">eng</subfield><subfield code="e">rda</subfield><subfield code="c">DLC</subfield><subfield code="d">OCLCF</subfield></datafield><datafield ind1="0" ind2=" " tag="022"><subfield code="a">2379-125X</subfield><subfield code="2">1</subfield></datafield><datafield ind1="1" ind2=" " tag="029"><subfield code="a">NZ1</subfield><subfield code="b">16179473</subfield></datafield><datafield ind1=" " ind2=" " tag="042"><subfield code="a">pcc</subfield><subfield code="a">nsdp</subfield></datafield><datafield ind1=" " ind2=" " tag="043"><subfield code="a">n-us-nd</subfield></datafield><datafield ind1="1" ind2="0" tag="050"><subfield code="a">ISSN RECORD</subfield></datafield><datafield ind1="0" ind2="0" tag="082"><subfield code="a">071</subfield><subfield code="2">23</subfield></datafield><datafield ind1=" " ind2="4" tag="222"><subfield code="a">The pioneer express</subfield><subfield code="b">(Online)</subfield></datafield><datafield ind1="0" ind2="4" tag="245"><subfield code="a">The pioneer express.</subfield></datafield><datafield ind1=" " ind2="1" tag="264"><subfield code="a">Pembina, Dakota [N.D.] :</subfield><subfield code="b">R. H. Young,</subfield><subfield code="c">1883-</subfield></datafield><datafield ind1=" " ind2=" " tag="300"><subfield code="a">1 online resource</subfield></datafield><datafield ind1=" " ind2=" " tag="310"><subfield code="a">Weekly</subfield></datafield><datafield ind1=" " ind2=" " tag="336"><subfield code="a">text</subfield><subfield code="b">txt</subfield><subfield code="2">rdacontent</subfield></datafield><datafield ind1=" " ind2=" " tag="337"><subfield code="a">computer</subfield><subfield code="b">c</subfield><subfield code="2">rdamedia</subfield></datafield><datafield ind1=" " ind2=" " tag="338"><subfield code="a">online resource</subfield><subfield code="b">cr</subfield><subfield code="2">rdacarrier</subfield></datafield><datafield ind1="1" ind2=" " tag="362"><subfield code="a">Began with vol. 4 [i.e. 3], no. 38 (April 20, 1883); ceased in December 1928.</subfield></datafield><datafield ind1=" " ind2=" " tag="500"><subfield code="a">"Official paper of the city of Pembina."</subfield></datafield><datafield ind1=" " ind2=" " tag="500"><subfield code="a">Special North Dakota supplement published Dec. 27, 1895.</subfield></datafield><datafield ind1=" " ind2=" " tag="530"><subfield code="a">Available on microfilm from the State Historical Society of North Dakota.</subfield></datafield><datafield ind1=" " ind2=" " tag="588"><subfield code="a">Description based on: Vol. 4 [i.e. 3], no. 38 (April 20, 1883); title from masthead (Chroniclingamerica.loc.gov, viewed May 13, 2015).</subfield></datafield><datafield ind1=" " ind2=" " tag="588"><subfield code="a">Latest issue consulted: Volume 44, number 29 (December 29, 1922) (Chroniclingamerica.loc.gov, viewed May 13, 2015).</subfield></datafield><datafield ind1=" " ind2="0" tag="651"><subfield code="a">Pembina (N.D.)</subfield><subfield code="v">Newspapers.</subfield></datafield><datafield ind1=" " ind2="7" tag="655"><subfield code="a">Newspapers.</subfield><subfield code="2">fast</subfield><subfield code="0">(OCoLC)fst01423814</subfield></datafield><datafield ind1=" " ind2="7" tag="651"><subfield code="a">North Dakota</subfield><subfield code="z">Pembina.</subfield><subfield code="2">fast</subfield><subfield code="0">(OCoLC)fst01250619</subfield></datafield><datafield ind1=" " ind2=" " tag="752"><subfield code="a">United States</subfield><subfield code="b">North Dakota</subfield><subfield code="c">Pembina</subfield><subfield code="d">Pembina.</subfield></datafield><datafield ind1="0" ind2="8" tag="776"><subfield code="i">Originally issued in print:</subfield><subfield code="t">Pioneer express</subfield><subfield code="x">2379-1241</subfield><subfield code="w">(DLC)sn 88076741</subfield><subfield code="w">(OCoLC)2253911</subfield></datafield><datafield ind1="0" ind2="4" tag="780"><subfield code="t">Northern express</subfield></datafield><datafield ind1="0" ind2="4" tag="780"><subfield code="t">Pembina pioneer</subfield></datafield><datafield ind1="0" ind2="7" tag="785"><subfield code="t">Neche chronotype</subfield></datafield><datafield ind1="0" ind2="7" tag="785"><subfield code="t">Pembina County chronotype-express</subfield></datafield><datafield ind1="4" ind2="0" tag="856"><subfield code="u">http://www.loc.gov/chroniclingamerica/lccn/sn88076741/issues</subfield></datafield></record>